<?xml version = '1.0' encoding = 'UTF-8'?>
<Document xmlns="urn:iso:std:iso:20022:tech:xsd:pain.001.001.03" xmlns:xsi="http://www.w3.org/2001/XMLSchema-instance"><CstmrCdtTrfInitn><GrpHdr><MsgId>105007</MsgId><CreDtTm>2019-03-27T00:11:17</CreDtTm><NbOfTxs>1</NbOfTxs><CtrlSum>200.00</CtrlSum><InitgPty><Nm>DELFTLAB_PAY_US_LE1</Nm><Id><OrgId><Othr><Id>100009</Id></Othr></OrgId></Id></InitgPty></GrpHdr><PmtInf><PmtInfId>105007_12001</PmtInfId><PmtMtd>DELFTLAB_BLOCKCHAIN</PmtMtd><NbOfTxs>1</NbOfTxs><CtrlSum>200.00</CtrlSum><PmtTpInf/><ReqdExctnDt>2019-03-26</ReqdExctnDt><Dbtr><Nm>DELFTLAB_PAY_US_LE1</Nm><PstlAdr><StrtNm>33450 Santa Rosa Ave.</StrtNm><PstCd/><TwnNm>Santa Rosa</TwnNm><CtrySubDvsn>SonomaCA</CtrySubDvsn><Ctry>US</Ctry></PstlAdr><Id><OrgId><Othr><Id>100009</Id></Othr></OrgId></Id></Dbtr><DbtrAcct><Id><Othr><Id>1234568890</Id></Othr></Id><Tp><Cd>CHECKING</Cd></Tp><Ccy>USD</Ccy></DbtrAcct><DbtrAgt><FinInstnId><ClrSysMmbId><MmbId>121000358</MmbId></ClrSysMmbId><PstlAdr><Ctry>US</Ctry></PstlAdr></FinInstnId><BrnchId><Id>121000358</Id></BrnchId></DbtrAgt><CdtTrfTxInf><PmtId><InstrId>268</InstrId><EndToEndId>268</EndToEndId></PmtId><Amt><InstdAmt Ccy="USD">200.00</InstdAmt></Amt><CdtrAgt><FinInstnId><BIC/><Nm/><PstlAdr><Ctry/></PstlAdr></FinInstnId><BrnchId><Id/></BrnchId></CdtrAgt><Cdtr><Nm>DELL INC</Nm><PstlAdr><StrtNm>6526 woodbury drive</StrtNm><PstCd>44139</PstCd><TwnNm>Cleveland</TwnNm><CtrySubDvsn>OH</CtrySubDvsn><Ctry>US</Ctry></PstlAdr><Id><OrgId><Othr><Id>TRN12345</Id></Othr></OrgId></Id></Cdtr><CdtrAcct><Id><IBAN/></Id><Nm/></CdtrAcct><Tax><Cdtr><TaxId>TRN12345</TaxId></Cdtr></Tax><RmtInf><Strd><RfrdDocInf><Tp><CdOrPrtry><Cd>CINV</Cd></CdOrPrtry><Issr>DELL INC</Issr></Tp><Nb>PS002-03262019</Nb><RltdDt>2019-03-26</RltdDt></RfrdDocInf><RfrdDocAmt><DuePyblAmt Ccy="USD">200.00</DuePyblAmt></RfrdDocAmt></Strd><Strd><RfrdDocInf><Tp><CdOrPrtry><Cd>CINV</Cd></CdOrPrtry><Issr>DELL INC</Issr></Tp><Nb>PS002-03262019</Nb><RltdDt>2019-03-26</RltdDt></RfrdDocInf><RfrdDocAmt><DuePyblAmt Ccy="USD">200.00</DuePyblAmt></RfrdDocAmt></Strd><Strd><RfrdDocInf><Tp><CdOrPrtry><Cd>CINV</Cd></CdOrPrtry><Issr>DELL INC</Issr></Tp><Nb>PS002-03262019</Nb><RltdDt>2019-03-26</RltdDt></RfrdDocInf><RfrdDocAmt><DuePyblAmt Ccy="USD">200.00</DuePyblAmt></RfrdDocAmt></Strd></RmtInf></CdtTrfTxInf></PmtInf></CstmrCdtTrfInitn></Document>